<?xml version="1.0" encoding="UTF-8"?><collection xmlns="http://www.loc.gov/MARC21/slim"><record><leader>00424nam--2200121-i-4500</leader><controlfield tag="001">000019177</controlfield><controlfield tag="002">20161230</controlfield><controlfield tag="005">20161230201033</controlfield><controlfield tag="008">060222s1000------------r-----000-0-eng-d</controlfield><datafield ind1=" " ind2=" " tag="080"><subfield code="a">621.52:669</subfield></datafield><datafield ind1=" " ind2=" " tag="245"><subfield code="a">Congres international sur les applications des techniques du vide a la metallurgie, strasbourg, 13-17 novembre 1967</subfield></datafield><datafield ind1=" " ind2=" " tag="260"><subfield code="a">Strasbourg, Societe Des Ingenieurs Et Techniciens Du Vide, 1967. Xiii + 280 P</subfield></datafield><datafield ind1=" " ind2=" " tag="852"><subfield code="a">32607</subfield></datafield></record></collection>